@InProceedings{Berndl:2003:PAU,
  author =       "Marc Berndl and Ond\v{r}ej Lhot\'ak and Feng Qian and
                 Laurie Hendren and Navindra Umanee",
  title =        "Points-to analysis using {BDD}s",
  booktitle =    "Proceedings of the ACM SIGPLAN 2003 Conference on
                 Programming Language Design and Implementation",
  year =         "2003",
  ISBN =         "1-58113-662-5",
  pages =        "103--114",
  location =     "San Diego, California, USA",
  doi =          "http://doi.acm.org/10.1145/781131.781144",
  publisher =    "ACM Press",
}

@inproceedings{Lhotak:2004:JBR,
  author        = "Ond\v{r}ej Lhot\'ak and Laurie Hendren",
  title         = "Jedd: A {BDD}-based Relational Extension of {Java}",
  booktitle     = {Proceedings of the ACM SIGPLAN 2004 Conference on
                  Programming Language Design and Implementation},
  year          = {2004},
  isbn          = {1-58113-807-5},
  location      = {Washington, D.C., USA},
  publisher     = {ACM Press}
}

@PhdThesis{Lhotak:2005:PAU,
  author =       "Ond\v{r}ej Lhot\'ak",
  title =        "Program Analysis using Binary Decision Diagrams",
  school =       "McGill University",
  year =         "2005",
  month =        dec,
}
